@article{danilina2011,
    author={Данилина, Наталия Ивановна},
    title={Славянская морфонология: эволюция системы},
    journal={Известия высших учебных заведений. Поволжский регион. Гуманитарные науки},
    year={2011},
    volume={3},
    url = {http://cyberleninka.ru/article/n/slavyanskaya-morfonologiya-evolyutsiya-sistemy}
}

@book{koivisto2013suomen,
      title={Suomen sanojen rakenne},
      author={Koivisto, Vesa},
      year={2013},
      publisher={Suomalaisen Kirjallisuuden Seura}
}

@book{nikunl,
    author={Ahti Nikunlassi},
    year={2002},
    title={Johdatus venäjän kieleen ja sen tutkimukseen},
    publisher={Finn Lectura},
    address={Helsinki},
    isbn={951-792-115-2 (nid.)}
}

@book{musatov2016,
  title={Русский язык. Морфемика. Морфонология. Словообразование. Учебное пособие},
  author={Мусатов, Валерий},
  year={2016},
  publisher={Флинта},
  address={Москва},
  url={https://www.litres.ru/valeriy-musatov/russkiy-yazyk-morfemika-morfonologiya-slovoobrazovanie-uchebnoe-posobie/},
  urldate={2016-08-16}
}

@misc{nkrja,
    author={NKRJA},
    year={2016},
    title={Национальный корпус русского языка},
    url={http://ruscorpora.ru/corpora-stat.html}
}

@book{sheljakin,
    author= {М.А. Шелякин}, 
    title= {Справочник по русской грамматике},
    year={2006},
    publisher={drofa}
}


@book{wade2010,
  title={A comprehensive Russian grammar},
  author={Wade, Terence},
  volume={8},
  year={2010},
  publisher={John Wiley \& Sons}
}

@misc{trakymaite2004,
    year={2004},
    author={Ringailė Trakymaitė},
    title{Падежная система современного русского языка}
}

@article{supr2001,
  title={Антропонимы в вокативном употреблении},
  author={Супрун, ВИ},
  journal={Известия Уральского государственного университета. 2001.№ 20},
  url={http://elar.urfu.ru/bitstream/10995/23753/1/iurg-2001-20-17.pdf},
  year={2001}
}
